@article{greenwade93,
    author  = "George D. Greenwade",
    title   = "The {C}omprehensive {T}ex {A}rchive {N}etwork ({CTAN})",
    year    = "1993",
    journal = "TUGBoat",
    volume  = "14",
    number  = "3",
    pages   = "342--351"
}

@inbook{Bishop138,
    author    = "Christopher Bishop",
    editor = "Michael Jordan and Jon Kleinberg and Bernhard Sch√∂lkopf",
    title     = "Pattern recognition and machine learning",
    chapter	= "3",
    pages = "138",
    year      = "2006",
    publisher = "Springer",
    address   = "New York",
}



@phdthesis{septhesis,
  author       = {Sep Thijssen}, 
  title        = {Path Integral Control},
  school       = {Radboud University},
  year = {2016},
  month = {28 nov},
url = { http://www.snn.ru.nl/~bertk/thesis.pdf},

}

@article{embedding,
  author       = {J.P. Huke}, 
  title        = {Embedding Nonlinear Dynamical Systems: A Guide to Takens' Theorem},
  school       = {The University of Manchester},
  year = {2006},
ISSN = {1749-9097},
url = {http://eprints.maths.manchester.ac.uk/175/1/embed.pdf}

}

@article{seppaper,
  title = {Path integral control and state-dependent feedback},
  author = {Thijssen, Sep and Kappen, H. J.},
  journal = {Phys. Rev. E},
  volume = {91},
  issue = {3},
  pages = {032104},
  numpages = {6},
  year = {2015},
  month = {Mar},
  publisher = {American Physical Society},
  doi = {10.1103/PhysRevE.91.032104},
  url = {https://link.aps.org/doi/10.1103/PhysRevE.91.032104}
}
